@article{atzori2010internet,
  title={The internet of things: A survey},
  author={Atzori, Luigi and Iera, Antonio and Morabito, Giacomo},
  journal={Computer networks},
  volume={54},
  number={15},
  pages={2787--2805},
  year={2010},
  publisher={Elsevier},
  doi = {https://link.springer.com/article/10.1007/s10796-014-9492-7}
}

@article{elvy2018commodifying,
  title={Commodifying Consumer Data in the Era of the Internet of Things},
  author={Elvy, Stacy-Ann},
  journal={B.C.L. Rev.},
  volume={59},
  pages={423},
  year={2018},
  publisher={Law Journals at Digital Commons at Boston College Law School},
  url = {https://lawdigitalcommons.bc.edu/cgi/viewcontent.cgi?referer=&httpsredir=1&article=3622&context=bclr}
}

@article{sadowski2019data,
  title={When data is capital: Datafication, accumulation, and extraction},
  author={Sadowski, Jathan},
  journal={Big Data \& Society},
  volume={6},
  number={1},
  pages={2053951718820549},
  year={2019},
  publisher={SAGE Publications Sage UK: London, England},
  doi = {https://journals.sagepub.com/doi/full/10.1177/2053951718820549}
}

@misc{oracle_quote,
  title = {The Rise of Data Capital},
  author = {MIT Technology Review Team + Oracle},
  publisher = {MIT Technology Review},
  year = {2016},
  url = {http://files.technologyreview.com/whitepapers/MIT_Oracle+Report-The_Rise_of_Data_Capital.pdf}

}

@misc{amazon-kindle,
  title = {'They know us better than we know ourselves': how Amazon tracked my last two years of reading},
  author = {Paul, Kari},
  publisher = {The Guardian},
  year = {2020},
  url = {https://www.theguardian.com/technology/2020/feb/03/amazon-kindle-data-reading-tracking-privacy}

}

@misc{google-safety,
  title = {Safety Center — Google Privacy Documentation},
  author = {Google Team},
  publisher = {Google/Alphabet Inc},
  year = {2021},
  url = {https://safety.google/privacy/data/}

  }
  
  @misc{fb-breach,
  title = {After Data Breach Exposes 530 Million, Facebook Says It Will Not Notify Users},
  author = {Bowman, Emma},
  publisher = {NPR},
  year = {2021},
  url = {https://www.npr.org/2021/04/09/986005820/after-data-breach-exposes-530-million-facebook-says-it-will-not-notify-users}

  }
  
   @misc{breaches-history,
  title = {World's Biggest Data Breaches \& Hacks},
  author = {McCandless, David and Evans, Tom},
  publisher = {Information is Beautiful},
  year = {2021},
  url = {https://www.informationisbeautiful.net/visualizations/worlds-biggest-data-breaches-hacks/}

  }
  
  @article{olmstead2017americans,
  title={Americans and cybersecurity},
  author={Olmstead, Kenneth and Smith, Aaron},
  journal={Pew Research Center},
  volume={26},
  pages={311--327},
  year={2017},
  url = {https://www.pewresearch.org/internet/2017/01/26/americans-and-cybersecurity/}
}

  @misc{cfr-reform,
  title = {Reforming the U.S. Approach to Data Protection and Privacy},
  author = {O'Connor, Nuala},
  publisher = {Council on Foreign Relations},
  year = {2018},
  url = {https://www.cfr.org/report/reforming-us-approach-data-protection}

  }
  
  @misc{hipaa,
  title = {Covered Entities and Business Associates},
  author = {Department of Health and Human Services},
  publisher = {United States Government},
  year = {2017},
  url = {https://www.hhs.gov/hipaa/for-professionals/covered-entities/index.html}

  }
  
   @misc{ferpa-coppa,
  title = {Privacy},
  author = {Office of Educational Technology — Department of Education},
  publisher = {United States Government},
  year = {2021},
  url = {https://tech.ed.gov/privacy/}

  }
  
   @misc{unctad,
  title = {Data Protection and Privacy Legislation Worldwide},
  author = {Conferece on Trade and Development},
  publisher = {United Nations},
  year = {2020},
  url = {https://unctad.org/page/data-protection-and-privacy-legislation-worldwide}

  }
  
@misc{GDPR-text,
  title = {GDPR — Official Legal Text},
  publisher = {European Commission},
  author = {European Commission},
  year = {2018},
  url = {https://gdpr-info.eu}
  }
  
@misc{data-guidance,
  title = {South Korea - Data Protection Overview},
  author = {Bae Park, Kwang},
  publisher = {OneTrust DataGuidance},
  year = {2020},
  url = {https://www.dataguidance.com/notes/south-korea-data-protection-overview}
}

@misc{chile,
  title = {Personal data protection is a constitutional right in Chile},
  author = {Molina, Oscar},
  publisher = {International Association of Privacy Professionals},
  year = {2018},
  url = {https://iapp.org/news/a/personal-data-protection-is-a-constitutional-right-in-chile/}
}

