@inproceedings{de2018predicting,
  title={Predicting the Success of NFL Teams using Complex Network Analysis.},
  author={de Oliveira Salim, Matheus and Brandao, Wladmir Cardoso},
  booktitle={ICEIS (1)},
  pages={135--142},
  year={2018},
  url={https://www.scitepress.org/Papers/2018/66971/66971.pdf}
}

@article{dhand2021social,
  title={Social network structure and composition in former NFL football players},
  author={Dhand, Amar and McCafferty, Liam and Grashow, Rachel and Corbin, Ian M and Cohan, Sarah and Whittington, Alicia J and Connor, Ann and Baggish, Aaron and Weisskopf, Mark and Zafonte, Ross and others},
  journal={Scientific reports},
  volume={11},
  number={1},
  pages={1--9},
  year={2021},
  publisher={Nature Publishing Group},
  url={https://www.nature.com/articles/s41598-020-80091-w}
}

@article{fast2006nfl,
  title={The NFL coaching network: analysis of the social network among professional football coaches},
  author={Fast, Andrew and Jensen, David},
  journal={Growth},
  volume={60},
  pages={70},
  year={2006},
  url = {https://www.semanticscholar.org/paper/The-NFL-Coaching-Network%3A-Analysis-of-the-Social-Fast-Jensen/a1de9c99b4ae3d67360bbe426a68935bc69c73fb}
}

@article{miele2019nine,
  title={Nine quick tips for analyzing network data},
  author={Miele, Vincent and Matias, Catherine and Robin, St{\'e}phane and Dray, St{\'e}phane},
  journal={PLoS computational biology},
  volume={15},
  number={12},
  pages={e1007434},
  year={2019},
  publisher={Public Library of Science San Francisco, CA USA},
  url = {https://journals.plos.org/ploscompbiol/article?id=10.1371/journal.pcbi.1007434#sec005}
}

@article{steinberg2015changing,
  title={Changing the Game: The Rise of Sports Analytics},
  author={Steinberg, Leigh},
  journal={Forbes},
  year={2015},
  url = {https://www.forbes.com/sites/leighsteinberg/2015/08/18/changing-the-game-the-rise-of-sports-analytics/?sh=64bbb6d4c1fd}
}
